@MISC{Diestel07graphtheory,
	author = {Reinhard Diestel and Alexander Schrijver and Paul D. Seymour},
	title = {Graph Theory},
	year = {2007}
}


@MISC{stackoverflow01,
	AUTHOR       = "Elias Zamaria",
	TITLE        = "How does Dijkstra's Algorithm and A-Star compare?",
	YEAR         = "2013",
	HOWPUBLISHED = "Website",
	NOTE         = "\url{http://stackoverflow.com/a/16268762};
	abgerufen am 14. September 2016."
}

@MISC{standford01,
	AUTHOR    = "Amit Patel",
	TITLE     = "Introduction to A-Star",
	YEAR      = "2010",
	HOWPUBLISHED = "Website",
	NOTE = "\url{http://theory.stanford.edu/~amitp/GameProgramming/AStarComparison.html}; abgerufen am 14. September 2016."
	
}

@MISC{wiki01,
	TITLE        = "Dijkstra-Algorithmus",
	HOWPUBLISHED = "Website",
	NOTE         = "\url{https://de.wikipedia.org/wiki/Dijkstra-Algorithmus#Informelle_Darstellung};
	abgerufen am 14. September 2016."
}